@Article{coloring,
author = {D. S. Johnson, C. R. Aragon, L. A. McGeoch, C. Schevon},
title = {Optimization by Simulated Annealing: An
Experimental Evaluation; Part II, Graph Coloring and Number Partitioning},
journal = {Operations Research},
year = {1991},
OPTvolume = {39},
OPTnumber = {3},
OPTpages = {378-406},
OPTmonth = {May-June},
}

@misc{alhe-tabu,
author = {J. Arabas},
title = {Wyk≈Çad z przedmiotu {A}lgorytmy {H}eurystyczne},
note = {Politechnika Warszawska},
year = {2019},
howpublished = {\url{https://elektron.elka.pw.edu.pl/~jarabas/ALHE/wyklad5.pdf}}
}
